@misc{vistoli2007notesgrothendiecktopologiesfibered,
      title={Notes on Grothendieck topologies, fibered categories and descent theory}, 
      author={Angelo Vistoli},
      year={2007},
      eprint={math/0412512},
      archivePrefix={arXiv},
      primaryClass={math.AG},
      url={https://arxiv.org/abs/math/0412512}, 
}

@book{olsson2016algebraic,
  title={Algebraic Spaces and Stacks},
  author={Olsson, M.},
  isbn={9781470427986},
  lccn={2015043394},
  series={Colloquium Publications},
  url={https://books.google.it/books?id=TvQrDAAAQBAJ},
  year={2016},
  publisher={American Mathematical Society}
}